<?xml version="1.0" encoding="UTF-8"?>
<record xmlns="http://www.loc.gov/MARC21/slim">
   <leader>00704cam a22001815  4500</leader>
   <controlfield tag="001">2787671</controlfield>
   <controlfield tag="003">NjP</controlfield>
   <controlfield tag="005">20061013092642.0</controlfield>
   <controlfield tag="008">991119s1961    ir            000 0 ara d</controlfield>
   <datafield tag="024" ind1="7" ind2=" ">
      <subfield code="a">princeton_aco004269</subfield>
      <subfield code="2">local</subfield>
   </datafield>
   <datafield ind1=" " ind2=" " tag="035">
      <subfield code="a">(OCoLC)ocm42856596</subfield>
   </datafield>
   <datafield ind1=" " ind2=" " tag="035">
      <subfield code="9">CNJ6682TS</subfield>
   </datafield>
   <datafield ind1=" " ind2=" " tag="040">
      <subfield code="a">PUL</subfield>
      <subfield code="c">PUL</subfield>
   </datafield>
   <datafield ind1="1" ind2=" " tag="100">
      <subfield code="a">Burūjirdī, Ḥusayn al-Ṭabāṭabāʾī,</subfield>
      <subfield code="d">1875-1961.</subfield>
   </datafield>
   <datafield ind1="0" ind2="0" tag="245">
      <subfield code="a">Zubdat al-maqāl fī khums al-rasūl wa-al-āl.</subfield>
      <subfield code="b">Taqrīran li-baḥth ... al-Tabāṭabāʾī al-Burūjirdī, li-muʾallifihi ʻAbbās al-Ḥusaynī al-Qazwīnī al-mulaqqab bi-Abī Turābī.</subfield>
   </datafield>
   <datafield ind1=" " ind2=" " tag="260">
      <subfield code="a">Qumm,</subfield>
      <subfield code="b">al-Maṭbaʻah al-ʻIlmīyah</subfield>
      <subfield code="c">[1380 [1961]]</subfield>
   </datafield>
   <datafield ind1=" " ind2=" " tag="300">
      <subfield code="a">154 p.</subfield>
      <subfield code="c">22 cm.</subfield>
   </datafield>
   <datafield ind1=" " ind2=" " tag="546">
      <subfield code="a">In Arabic.</subfield>
   </datafield>
   <datafield ind1=" " ind2=" " tag="945">
      <subfield code="a">F</subfield>
      <subfield code="b">1</subfield>
      <subfield code="c">2269.2196.399</subfield>
   </datafield>
   <datafield ind1=" " ind2=" " tag="911">
      <subfield code="a">20000130</subfield>
   </datafield>
   <datafield ind1="8" ind2="0" tag="852">
      <subfield code="0">3098635</subfield>
      <subfield code="b">rcppa</subfield>
      <subfield code="t">1</subfield>
      <subfield code="h">2269.2196.399</subfield>
      <subfield code="x">tr fr f</subfield>
   </datafield>
   <datafield ind1=" " ind2=" " tag="959">
      <subfield code="a">2009-06-29 15:53:13 -0500</subfield>
   </datafield>
</record>
